<?xml version="1.0" encoding="UTF-8"?><collection xmlns="http://www.loc.gov/MARC21/slim"><record><leader>00636nam--2200181-i-4500</leader><controlfield tag="001">000019561</controlfield><controlfield tag="002">20161230</controlfield><controlfield tag="005">20161230201033</controlfield><controlfield tag="008">060222s1000------------r-----000-0-eng-d</controlfield><datafield ind1=" " ind2=" " tag="040"><subfield code="a">IFIN-HH</subfield></datafield><datafield ind1=" " ind2=" " tag="080"><subfield code="a">621.3(038):007(038):62-52(038):801.323.2</subfield></datafield><datafield ind1="1" ind2=" " tag="100"><subfield code="a">Schattner, Friederich</subfield></datafield><datafield ind1="1" ind2="0" tag="245"><subfield code="a">Dictionar de electrotehnica, electronica, telecomunicatii, automatica si cbernetica german-roman</subfield><subfield code="b">Coordonator prof.dr.docent ing. aurel avramescu</subfield><subfield code="c">Friederich schattner, serine fainaru</subfield></datafield><datafield ind1=" " ind2=" " tag="260"><subfield code="a">Bucuresti</subfield><subfield code="b">Editura Tehnica</subfield><subfield code="c">1975</subfield></datafield><datafield ind1=" " ind2=" " tag="300"><subfield code="a">698 P</subfield></datafield><datafield ind1="1" ind2=" " tag="700"><subfield code="a">Fainaru, Serine</subfield></datafield><datafield ind1=" " ind2=" " tag="852"><subfield code="a">D.505</subfield><subfield code="c">SLT</subfield></datafield><datafield ind1=" " ind2=" " tag="CAT"><subfield code="a">Sys</subfield><subfield code="c">20130226</subfield><subfield code="h">164926</subfield></datafield></record></collection>